<collection xmlns="http://www.loc.gov/MARC21/slim">
<record>
  <leader>02086nam a2200445 a 4500</leader>
  <controlfield tag="001">3211209</controlfield>
  <controlfield tag="007">he amb---bbcp</controlfield>
  <controlfield tag="007">he bmb---baap</controlfield>
  <controlfield tag="008">831208s1814    enkb    bb    000 0 eng d</controlfield>
  <datafield tag="020" ind1=" " ind2=" ">
    <subfield code="a">0665292023</subfield>
  </datafield>
  <datafield tag="035" ind1=" " ind2=" ">
    <subfield code="a">ocn317762249</subfield>
  </datafield>
  <datafield tag="040" ind1=" " ind2=" ">
    <subfield code="a">CaOOCIHM</subfield>
    <subfield code="b">eng</subfield>
    <subfield code="d">AEU</subfield>
  </datafield>
  <datafield tag="043" ind1=" " ind2=" ">
    <subfield code="a">n-us---</subfield>
    <subfield code="a">e-uk---</subfield>
  </datafield>
  <datafield tag="082" ind1="0" ind2=" ">
    <subfield code="a">341.026641073</subfield>
    <subfield code="2">19</subfield>
  </datafield>
  <datafield tag="090" ind1=" " ind2=" ">
    <subfield code="a">FC 02 0203 no. 29202</subfield>
    <subfield code="b">AEU</subfield>
  </datafield>
  <datafield tag="100" ind1="1" ind2=" ">
    <subfield code="a">Atcheson, Nathaniel,</subfield>
    <subfield code="d">1771-1825</subfield>
  </datafield>
  <datafield tag="245" ind1="1" ind2="2">
    <subfield code="a">A compressed view of the points to be discussed in treating with the United States of America, A.D. 1814</subfield>
    <subfield code="h">[microform] :</subfield>
    <subfield code="b">with an appendix and two maps.</subfield>
  </datafield>
  <datafield tag="260" ind1=" " ind2=" ">
    <subfield code="a">London :</subfield>
    <subfield code="b">Printed for J.M. Richardson ...,</subfield>
    <subfield code="c">1814.</subfield>
  </datafield>
  <datafield tag="300" ind1=" " ind2=" ">
    <subfield code="a">1 microfiche (32 fr.) :</subfield>
    <subfield code="b">maps.</subfield>
  </datafield>
  <datafield tag="490" ind1="1" ind2=" ">
    <subfield code="a">CIHM/ICMH Microfiche series = CIHM/ICMH collection de microfiches ;</subfield>
    <subfield code="v">no. 29202</subfield>
  </datafield>
  <datafield tag="500" ind1=" " ind2=" ">
    <subfield code="a">Attributed to Nathaniel Atcheson--National Union Catalog pre-1956 imprints.</subfield>
  </datafield>
  <datafield tag="500" ind1=" " ind2=" ">
    <subfield code="a">&quot;&apos;At present amongst European nations, a naval strength ...&apos;&quot;</subfield>
  </datafield>
  <datafield tag="500" ind1=" " ind2=" ">
    <subfield code="a">&quot;&apos;The sea, which is our mother ...&apos;&quot;</subfield>
  </datafield>
  <datafield tag="500" ind1=" " ind2=" ">
    <subfield code="a">Appendix: &quot;On the conduct of the government of the United States towards the indian tribes&quot;--p. [27]-39.</subfield>
  </datafield>
  <datafield tag="504" ind1=" " ind2=" ">
    <subfield code="a">Includes bibliographical references.</subfield>
  </datafield>
  <datafield tag="533" ind1=" " ind2=" ">
    <subfield code="a">Filmed from a copy of the original publication held by the Library of the Public Archives of Canada.</subfield>
    <subfield code="b">Ottawa :</subfield>
    <subfield code="c">Canadian Institute for Historical Microreproductions,</subfield>
    <subfield code="d">1982.</subfield>
  </datafield>
  <datafield tag="534" ind1=" " ind2=" ">
    <subfield code="e">39 p., [2] leaves : maps ; 23 cm.</subfield>
  </datafield>
  <datafield tag="596" ind1=" " ind2=" ">
    <subfield code="a">43</subfield>
  </datafield>
  <datafield tag="630" ind1="0" ind2="5">
    <subfield code="a">Treaty of Ghent,</subfield>
    <subfield code="d">(1814).</subfield>
  </datafield>
  <datafield tag="630" ind1="0" ind2="6">
    <subfield code="a">Traité de Gand,</subfield>
    <subfield code="d">(1814</subfield>
  </datafield>
<!-- No separator at end of field length=30 -->
<!-- Bad indicator data. Skipping 2 bytes -->
  <datafield tag="650" ind1=" " ind2="0">
    <subfield code="a">Indians, Treatment of</subfield>
    <subfield code="z">United States.</subfield>
  </datafield>
<!-- Bad indicator data. Skipping 2 bytes -->
  <datafield tag="650" ind1=" " ind2="6">
    <subfield code="a">Indiens, Attitudes envers les</subfield>
    <subfield code="z">États-Uni</subfield>
  </datafield>
<!-- No separator at end of field length=48 -->
  <datafield tag="651" ind1="i" ind2="s">
  </datafield>
<!-- Separator but not at end of field length=53 -->
  <datafield tag="651" ind1="e" ind2="s">
  </datafield>
<!-- Separator but not at end of field length=53 -->
  <datafield tag="651" ind1="i" ind2="n">
  </datafield>
<!-- Separator but not at end of field length=58 -->
  <datafield tag="651" ind1="s" ind2="-">
    <subfield code="n">is.</subfield>
  </datafield>
<!-- Separator but not at end of field length=58 -->
  <datafield tag="830" ind1="e" ind2="-">
    <subfield code="r">etagne.</subfield>
  </datafield>
<!-- Separator but not at end of field length=45 -->
<!-- Bad indicator data. Skipping 1 bytes -->
  <datafield tag="949" ind1="v" ind2="n">
    <subfield code="."> 29202</subfield>
  </datafield>
<!-- Separator but not at end of field length=22 -->
<!-- Bad indicator data. Skipping 2 bytes -->
  <datafield tag="016" ind1="z" ind2="C">
    <subfield code="H">MMPRE</subfield>
  </datafield>
<!-- Separator but not at end of field length=15 -->
  <datafield tag="926" ind1="a" ind2=" ">
    <subfield code="3">6189043</subfield>
  </datafield>
<!-- Separator but not at end of field length=58 -->
</record>
</collection>
